<record><leader>00000cas a22000007a 4500</leader><controlfield tag="001">13143554</controlfield><controlfield tag="008">860212d18781921wiuwr ne      0    0eng d</controlfield><controlfield tag="009">3770</controlfield><datafield ind1=" " ind2=" " tag="010"><subfield code="a">sn 86086325 </subfield></datafield><datafield ind1=" " ind2=" " tag="040"><subfield code="a">NPV</subfield><subfield code="b">eng</subfield><subfield code="c">NPV</subfield><subfield code="d">DLC</subfield></datafield><datafield ind1="1" ind2=" " tag="029"><subfield code="a">AU@</subfield><subfield code="b">000025826795</subfield></datafield><datafield ind1=" " ind2=" " tag="042"><subfield code="a">msc</subfield></datafield><datafield ind1=" " ind2=" " tag="045"><subfield code="a">w7x2</subfield></datafield><datafield ind1="0" ind2="0" tag="050"><subfield code="a">Newspaper 10216-X</subfield></datafield><datafield ind1=" " ind2=" " tag="052"><subfield code="a">4123</subfield><subfield code="b">C5</subfield></datafield><datafield ind1="0" ind2="0" tag="245"><subfield code="a">Republican and press.</subfield></datafield><datafield ind1="1" ind2="3" tag="246"><subfield code="a">Republican press</subfield></datafield><datafield ind1="1" ind2="3" tag="246"><subfield code="a">Republican &amp; press</subfield></datafield><datafield ind1=" " ind2=" " tag="260"><subfield code="a">Neillsville, Wis. :</subfield><subfield code="b">H.J. Hoffman,</subfield><subfield code="c">1878-1921.</subfield></datafield><datafield ind1=" " ind2=" " tag="300"><subfield code="a">46 v. :</subfield><subfield code="b">ill. ;</subfield><subfield code="c">56 cm.</subfield></datafield><datafield ind1=" " ind2=" " tag="310"><subfield code="a">Weekly</subfield></datafield><datafield ind1="0" ind2=" " tag="362"><subfield code="a">Vol. 11, no. 28 (June 21, 1878)-v. 17, no. 29 (June 7, 1883) = v. 6, no. 1-v. 10, no. 52; v. 17, no. 30 (June 14, 1883)-v. 55, no. 30 (May 5, 1921).</subfield></datafield><datafield ind1=" " ind2=" " tag="500"><subfield code="a">Publisher varies.</subfield></datafield><datafield ind1=" " ind2=" " tag="525"><subfield code="a">Supplements accompany some issues.</subfield></datafield><datafield ind1=" " ind2=" " tag="530"><subfield code="a">Also available on microfilm from The State Historical Society of Wisconsin.</subfield></datafield><datafield ind1=" " ind2=" " tag="500"><subfield code="a">Editors: E.L. Hoffman, Feb. 20, 1880-June 28, 1883; J.K. Hoffman, July 5, 1883-Nov. 20, 1884; L.T. Carr, Dec. 4, 1884-&lt;April 11, 1889&gt;; M.F. Satterlee, &lt;April 27, 1889&gt;-March 26, 1891; J.H. Tifft &amp; S.M. Marsh, April 2, 1891-March 24, 1892; J.H. Tifft, March 3, 1892-Nov. 4, 1897; D.C. Menefee, March 10, 1898-March 2, 1899; G.E. Crothers, Nov. 9, 1899-March 10, 1921.</subfield></datafield><datafield ind1=" " ind2=" " tag="752"><subfield code="a">United States</subfield><subfield code="b">Wisconsin</subfield><subfield code="c">Clark</subfield><subfield code="d">Neillsville.</subfield></datafield><datafield ind1="0" ind2="0" tag="780"><subfield code="t">Clark County republican and press</subfield><subfield code="w">(DLC)sn 86086324</subfield></datafield><datafield ind1="0" ind2="7" tag="785"><subfield code="t">Granton news</subfield><subfield code="w">(DLC)sn 84024830</subfield></datafield><datafield ind1="0" ind2="7" tag="785"><subfield code="t">Neillsville times</subfield><subfield code="w">(DLC)sn 85040914</subfield></datafield><datafield ind1="0" ind2="7" tag="785"><subfield code="t">Neillsville press</subfield><subfield code="w">(DLC)sn 86086326</subfield></datafield></record>